<?xml version="1.0" encoding="UTF-8"?>
<SOAP-ENV:Envelope xmlns:SOAP-ENV="http://schemas.xmlsoap.org/soap/envelope/" xmlns:of="http://oss.dbc.dk/ns/openformat" xmlns:ofo="http://oss.dbc.dk/ns/openformatoutput"><SOAP-ENV:Body><of:formatResponse><marc:record xmlns:marc="http://www.loc.gov/MARC21/slim"><leader>00000nim a22000000c 4500</leader><controlfield tag="001">870970:28318855</controlfield><controlfield tag="003">DKDLA</controlfield><controlfield tag="005">20100628182045.0</controlfield><controlfield tag="007">s|||||||||||||</controlfield><controlfield tag="008">100617s2010    dk |||||||||||||||||dan||</controlfield><datafield ind1="1" ind2=" " tag="100"><subfield code="a">Scherfig, Hans</subfield><subfield code="4">aut</subfield></datafield><datafield ind1=" " ind2="4" tag="245"><subfield code="a">Den forsvundne fuldmægtig</subfield><subfield code="?">mp3</subfield></datafield><datafield ind1=" " ind2=" " tag="260"><subfield code="b">Biblioteksmedier,</subfield><subfield code="c">2010</subfield></datafield><datafield ind1=" " ind2=" " tag="300"><subfield code="a">1 cd i 1 mappe</subfield></datafield><datafield ind1=" " ind2=" " tag="490"><subfield code="a">Gyldendals tranebøger</subfield></datafield><datafield ind1="1" ind2=" " tag="700"><subfield code="a">Teytaud, Jørgen</subfield><subfield code="4">dkind</subfield></datafield></marc:record></of:formatResponse></SOAP-ENV:Body></SOAP-ENV:Envelope>
